<?xml version="1.0" encoding="UTF-8"?><collection xmlns="http://www.loc.gov/MARC21/slim"><record><leader>00426nam--2200145-i-4500</leader><controlfield tag="001">000019750</controlfield><controlfield tag="002">20161230</controlfield><controlfield tag="005">20161230201033</controlfield><controlfield tag="008">060222s1000------------r-----000-0-eng-d</controlfield><datafield ind1=" " ind2=" " tag="080"><subfield code="a">621.314.6</subfield></datafield><datafield ind1=" " ind2=" " tag="245"><subfield code="a">Electronic power control and digital techniques</subfield></datafield><datafield ind1=" " ind2=" " tag="260"><subfield code="a">New York, Mcgraw-hill, 1976. 216 P</subfield></datafield><datafield ind1=" " ind2=" " tag="490"><subfield code="a">Texas Instruments Incorporated.Texas Instruments Electronics Series</subfield></datafield><datafield ind1=" " ind2=" " tag="700"><subfield code="a">Norris, Bryan</subfield></datafield><datafield ind1=" " ind2=" " tag="852"><subfield code="a">46021</subfield></datafield></record></collection>